@InBook{lavelli_thesis,
author = {A. Lavelli},
title = {Feature Selection for aerodynamic load estimation from pressure measurements for F1 racing cars},
publisher = {Politecnico di Milano},
year = {2019}
}

@Article{survey_fs,
author = {G. Chandrashekar, F. Sahin},
title = {A survey on feature selection methods},
journal = {Computers and Electrical Engineering},
year = {2014},
volume = {40},
pages = {16--28},
}

@Article{inductive_tl,
author = {J. Garcke, T. Vanck},
title = {Importance Weighted Inductive Transfer Learning for Regression},
journal = {ECML},
year = {2014},
OPTkey = {•},
OPTvolume = {•},
OPTnumber = {•},
OPTpages = {•},
OPTmonth = {•},
OPTnote = {•},
OPTannote = {•}
}


@InBook{gregori_thesis,
author = {G. Gregori},
title = {Optimizing wind tunnel experiments to minimize the uncertanty of laptime estimation for F1 cars},
publisher = {Politecnico di Milano},
year = {2019}
}

@InBook{bishop_lin_reg,
author = {C.M. Bishop},
ALTeditor = {•},
title = {Pattern recognition and machine learning},
chapter = {Linear models for regression},
publisher = {Springer},
year = {2006},
OPTkey = {•},
OPTvolume = {•},
OPTnumber = {•},
OPTseries = {•},
OPTtype = {•},
OPTaddress = {•},
OPTedition = {•},
OPTmonth = {•},
pages = {137--147},
OPTnote = {•},
OPTannote = {•}
}

@InBook{bishop_fnn,
author = {C.M. Bishop},
ALTeditor = {•},
title = {Pattern recognition and machine learning},
chapter = {Neural Networks},
publisher = {Springer},
year = {2006},
pages = {225--290},
OPTkey = {•},
OPTvolume = {•},
OPTnumber = {•},
OPTseries = {•},
OPTtype = {•},
OPTaddress = {•},
OPTedition = {•},
OPTmonth = {•},
OPTpages = {•},
OPTnote = {•},
OPTannote = {•}
}

@Article{k_nearest_neighbor,
author = {N.S. Altman},
title = {An introduction to kernel and nearest-neighbor nonparametric regression},
journal = {The American Statistician},
publisher={Taylor \& Francis Group},
year = {1992},
OPTkey = {•},
volume = {46},
number = {3},
pages = {175--185},
OPTmonth = {•},
OPTnote = {•},
OPTannote = {•}
}

@book{mitchell1998introduction,
  title={An introduction to genetic algorithms},
  author={Mitchell, Melanie},
  year={1998},
  publisher={MIT press}
}

@Article{extratrees,
author = {P. Geurts and D. Ernst and L. Wehenkel},
title = {Extremely randomized trees},
journal = {Machine learning},
publisher ={Springer},
year = {2006},
OPTkey = {•},
volume = {63},
OPTnumber = {•},
pages = {3--42},
OPTmonth = {•},
OPTnote = {•},
OPTannote = {•}
}

@InBook{bishop_gp,
author = {C.M. Bishop},
ALTeditor = {•},
title = {Pattern recognition and machine learning},
chapter = {Kernel Methods},
publisher = {Springer},
year = {2006},
OPTkey = {•},
OPTvolume = {•},
OPTnumber = {•},
OPTseries = {•},
OPTtype = {•},
OPTaddress = {•},
OPTedition = {•},
OPTmonth = {•},
pages = {304--313},
OPTnote = {•},
OPTannote = {•}
}

@article{maeda2003rtri,
  title={RTRI's Large-Scale Low-Noise Wind Tunnel and Aeroacoustic Wind Tunnel Tests},
  author={Maeda, Tatsuo},
  journal={The Journal of the INCE of Japan},
  volume={27},
  number={5},
  pages={305--310},
  year={2003},
  publisher={The Institute of Noise Control Engineering of Japan}
}

@article{dominy1992aerodynamics,
  title={Aerodynamics of grand prix cars},
  author={Dominy, RG},
  journal={Proceedings of the Institution of Mechanical Engineers, Part D: Journal of Automobile Engineering},
  volume={206},
  number={4},
  pages={267--274},
  year={1992},
  publisher={Sage Publications Sage UK: London, England}
}

@article{wright1982influence,
  title={The influence of aerodynamics on the design of Formula One racing cars},
  author={Wright, PG},
  journal={International Journal of Vehicle Design},
  volume={3},
  number={4},
  pages={383--397},
  year={1982},
  publisher={Inderscience Publishers}
}

@article{wls,
  title={Weighted Ridge Regression: combining Ridge and robust regression methods},
  author={P.W. Holland},
  year={1973}
}

@article{voronoi,
  title={Approximation of generalized Voronoi diagrams by ordinary Voronoi diagrams},
  author={Sugihara, Kokichi},
  journal={CVGIP: Graphical Models and Image Processing},
  volume={55},
  number={6},
  pages={522--531},
  year={1993},
  publisher={Elsevier}
}

@article{playingforbenchmarks,
  title={Playing for Benchmarks},
  author={Richter, Hayder, Koltun},
  year={2017}
}

@article{cinesi,
  title={Continuous Reinforcement Learning From Human Demonstrations With Integrated Experience Replay for Autonomous Driving},
  author={Zuo, Wang, Zhu},
  year={2017},
  journal={International Conference on Robotics and Biometrics}
}

@article{ddpg,
title={Continuous Control with Deep Reinforcement Learning},
author={Lillicrap, Hunt,Alexander Pritzel},
year={2016},
journal={ International Conference on Learning Representations (ICLR)}
}

@article{inverse,
title={Guided Cost Learning: Deep Inverse Optimal Control via Policy Optimization},
author={Finn, Levine, Abbeel},
journal={International Conference on Machine Learning (ICML},
year={2016}
}

@article{atari,
title={Playing Atari with Deep Reinforcement Learning},
author={Mnih,Kavukcuoglu, Silver}
}

@article{alphago,
title={Mastering the game of go with deep neural networks and tree search},
author={Silver,Huang, Maddison},
year={2016},
journal={Nature}
}

@INPROCEEDINGS{botta,  author={M. {Botta} and V. {Gautieri} and D. {Loiacono} and P. L. {Lanzi}},  booktitle={2012 IEEE Conference on Computational Intelligence and Games (CIG)},  title={Evolving the optimal racing line in a high-end racing game},   year={2012},  volume={},  number={},  pages={108-115},}

@ARTICLE{ahura,  author={M. R. {Bonyadi} and Z. {Michalewicz} and S. {Nallaperuma} and F. {Neumann}},  journal={IEEE Transactions on Computational Intelligence and AI in Games},  title={Ahura: A Heuristic-Based Racer for the Open Racing Car Simulator},   year={2017},  volume={9},  number={3},  pages={290-304},}

@inproceedings{mpc,
author = {Verschueren, Robin and Bruyne, Stijn and Zanon, Mario and Frasch, Janick and Diehl, Moritz},
year = {2014},
month = {12},
pages = {},
title = {Towards Time-Optimal Race Car Driving Using Nonlinear MPC in Real-Time},
volume = {2015},
journal = {Proceedings of the IEEE Conference on Decision and Control},
doi = {10.1109/CDC.2014.7039771}
}

@INPROCEEDINGS{cardamone,  author={L. {Cardamone} and D. {Loiacono} and P. L. {Lanzi}},  booktitle={2009 IEEE Symposium on Computational Intelligence and Games},  title={Learning drivers for TORCS through imitation using supervised methods},   year={2009},  volume={},  number={},  pages={148-155},}

@ARTICLE{cmaes, author={N. {Hansen} and S. D. {Müller} and P. {Koumoutsakos}}, journal={Evolutionary Computation}, title={Reducing the Time Complexity of the Derandomized Evolution Strategy with Covariance Matrix Adaptation (CMA-ES)}, year={2003}, volume={11}, number={1}, pages={1-18},}

@article{mpc_orig,
author = {XI, Yu-Geng and Li, Dewei and Lin, Shu},
year = {2013},
month = {03},
title = {Model Predictive Control - Status and Challenges},
volume = {39},
journal = {Acta Automatica Sinica},
}


@misc{acado, author={MATLAB}, title={ACADO Toolkit}, howpublished={\url{https://acado.github.io/documentation.html}},}

@article{bycicle,
author = {Jason Kong, Mark Pfeiffer, Georg Schildbach},
title = {Kinematic and Dynamic Vehicle Models for Autonomous Driving
Control Design},
}

@inproceedings{formularl,
author = {Remonda, Adrian and Krebs, Sarah and Veas, Eduardo and Luzhnica, Granit and Kern, Roman},
year = {2019},
month = {06},
pages = {},
title = {Formula RL: Deep Reinforcement Learning for Autonomous Racing using Telemetry Data}
}

@article{lstm,
author = {Hochreiter, Sepp and Schmidhuber, Jürgen},
year = {1997},
month = {12},
pages = {1735-80},
title = {Long Short-term Memory},
volume = {9},
journal = {Neural computation},
doi = {10.1162/neco.1997.9.8.1735}
}

@inproceedings{imit1,
author = {Priesterjahn, Steffen and Kramer, Oliver and Weimer, Alexander and Goebels, Andreas},
year = {2005},
month = {08},
pages = {744-755},
title = {Evolution of Reactive Rules in Multi Player Computer Games Based on Imitation},
doi = {10.1007/11539117_105}
}

@INPROCEEDINGS{imit2, author={B. {Gorman} and C. {Thurau} and C. {Bauckhage} and M. {Humphrys}}, booktitle={18th International Conference on Pattern Recognition (ICPR'06)}, title={Bayesian Imitation of Human Behavior in Interactive Computer Games}, year={2006}, volume={1}, number={}, pages={1244-1247},}


@inproceedings{imit3,
author = {Van Hoorn, Niels and Togelius, Julian and Wierstra, Daan and Schmidhuber, J\"{u}rgen},
title = {Robust Player Imitation Using Multiobjective Evolution},
year = {2009},
isbn = {9781424429585},
publisher = {IEEE Press},
booktitle = {Proceedings of the Eleventh Conference on Congress on Evolutionary Computation},
pages = {652–659},
numpages = {8},
location = {Trondheim, Norway},
series = {CEC’09}
}

@inproceedings{imit4,
author = {Togelius, Julian and de nardi, Renzo and Lucas, Simon},
year = {2007},
month = {05},
pages = {252 - 259},
title = {Towards automatic personalised content creation for racing games},
isbn = {1-4244-0709-5},
journal = {Proceedings of the 2007 IEEE Symposium on Computational Intelligence and Games, CIG 2007},
doi = {10.1109/CIG.2007.368106}
}

@INPROCEEDINGS{imit5, author={N. {van Hoorn} and J. {Togelius} and D. {Wierstra} and J. {Schmidhuber}}, booktitle={2009 IEEE Congress on Evolutionary Computation}, title={Robust player imitation using multiobjective evolution}, year={2009}, volume={}, number={}, pages={652-659},}

@article{knn,
author = {Cunningham, Padraig and Delany, Sarah},
year = {2007},
month = {04},
pages = {},
title = {k-Nearest neighbour classifiers},
journal = {Mult Classif Syst}
}

@ARTICLE{neat, author={K. O. {Stanley} and R. {Miikkulainen}}, journal={Evolutionary Computation}, title={Evolving Neural Networks through Augmenting Topologies}, year={2002}, volume={10}, number={2}, pages={99-127},}

@Inbook{lfd,
author="Billard, Aude G.
and Calinon, Sylvain
and Dillmann, R{\"u}diger",
editor="Siciliano, Bruno
and Khatib, Oussama",
title="Learning from Humans",
bookTitle="Springer Handbook of Robotics",
year="2016",
publisher="Springer International Publishing",
address="Cham",
pages="1995--2014",
}

@article{dagger,
author = {Ross, Stephane and Gordon, Geoffrey and Bagnell, J.},
year = {2010},
month = {11},
pages = {},
title = {A Reduction of Imitation Learning and Structured Prediction to No-Regret
Online Learning},
volume = {15},
journal = {Journal of Machine Learning Research - Proceedings Track}
}

@article{dqlfd,
  title={Learning from Demonstrations for Real World Reinforcement Learning},
  author={Todd Hester and Matej Vecer{\'i}k and Olivier Pietquin and Marc Lanctot and Tom Schaul and Bilal Piot and Andrew Sendonaris and Gabriel Dulac-Arnold and Ian Osband and John Agapiou and Joel Z. Leibo and Audrunas Gruslys},
  journal={ArXiv},
  year={2017},
  volume={abs/1704.03732}
}


@article{drlhp,
author = {Christiano, Paul and Leike, Jan and Brown, Tom and Martic, Miljan and Legg, Shane and Amodei, Dario},
year = {2017},
month = {06},
pages = {},
title = {Deep reinforcement learning from human preferences}
}